@book{historia_da_matematica,
    author          = "C. .B Boyer \and C. M. Uta",
    title           = "História da Matemática",
    date            = "2012",
    editor          = "Blucher",
    translator      = "Helena Castro",
    location        = "São Paulo"
}

